<?xml version="1.0" encoding="utf-8"?>
<record xmlns="http://www.loc.gov/MARC21/slim" xmlns:xsi="http://www.w3.org/2001/XMLSchema-instance" xsi:schemaLocation="http://www.loc.gov/MARC21/slim http://www.loc.gov/standards/marcxml/schema/MARC21slim.xsd">
	<leader>
		02430nam a2200385   4500
	</leader>
	<controlfield tag="001">
		4912267
	</controlfield>
	<controlfield tag="003">
		NNC
	</controlfield>
	<controlfield tag="006">
		m        d        
	</controlfield>
	<controlfield tag="007">
		cr cn |||m|||a
	</controlfield>
	<controlfield tag="008">
		160223m19291956ua      o     000 0 arard
	</controlfield>
	<datafield ind1=" " ind2=" " tag="040">
		<subfield code="a">
			NNU
		</subfield>
		<subfield code="b">
			eng
		</subfield>
		<subfield code="e">
			rda
		</subfield>
		<subfield code="c">
			NNU
		</subfield>
	</datafield>
	<datafield ind1=" " ind2=" " tag="043">
		<subfield code="a">
			f-ua---
		</subfield>
	</datafield>
	<datafield ind1="1" ind2=" " tag="100">
		<subfield code="6">
			880-01
		</subfield>
		<subfield code="a">
			Ibn Taghrībirdī, Abū al-Maḥāsin Yūsuf,
		</subfield>
		<subfield code="d">
			1411-1470.
		</subfield>
	</datafield>
	<datafield ind1="1" ind2="3" tag="245">
		<subfield code="6">
			880-02
		</subfield>
		<subfield code="a">
			al-Nujūm al-zāhirah fī mulūk Miṣr wa-al-Qāhirah /
		</subfield>
		<subfield code="c">
			taʼlīf Jamāl al-Dīn Abī al-Maḥāsin Yūsuf ibn Taghrībirdī al-Atābikī.
		</subfield>
	</datafield>
	<datafield ind1=" " ind2=" " tag="260">
		<subfield code="6">
			880-03
		</subfield>
		<subfield code="a">
			al-Qāhirah :
		</subfield>
		<subfield code="b">
			Dār al-Kutub al-Miṣrīyah,
		</subfield>
		<subfield code="c">
			1929-1956.
		</subfield>
	</datafield>
	<datafield ind1=" " ind2=" " tag="300">
		<subfield code="a">
			online resource (12 volumes in 11.)
		</subfield>
	</datafield>
	<datafield ind1=" " ind2=" " tag="336">
		<subfield code="a">
			text
		</subfield>
		<subfield code="2">
			rdacontent
		</subfield>
	</datafield>
	<datafield ind1=" " ind2=" " tag="337">
		<subfield code="a">
			computer
		</subfield>
		<subfield code="2">
			rdamedia
		</subfield>
	</datafield>
	<datafield ind1=" " ind2=" " tag="338">
		<subfield code="a">
			online resource
		</subfield>
		<subfield code="2">
			rdacarrier
		</subfield>
	</datafield>
	<datafield ind1=" " ind2=" " tag="500">
		<subfield code="a">
			Egyptian annals.
		</subfield>
	</datafield>
	<datafield ind1=" " ind2=" " tag="500">
		<subfield code="a">
			Part of the Arabic Collections Online (ACO) project, contributed by Columbia University Libraries.
		</subfield>
	</datafield>
	<datafield ind1=" " ind2=" " tag="533">
		<subfield code="a">
			Electronic reproduction.
		</subfield>
		<subfield code="b">
			New York, N.Y. :
		</subfield>
		<subfield code="c">
			New York University,
		</subfield>
		<subfield code="d">
			2016.
		</subfield>
		<subfield code="5">
			NNU
		</subfield>
	</datafield>
	<datafield ind1=" " ind2="0" tag="651">
		<subfield code="a">
			Egypt
		</subfield>
		<subfield code="x">
			History
		</subfield>
		<subfield code="y">
			640-1882.
		</subfield>
	</datafield>
	<datafield ind1=" " ind2="7" tag="651">
		<subfield code="a">
			Egypt.
		</subfield>
		<subfield code="2">
			fast
		</subfield>
		<subfield code="0">
			(OCoLC)fst01208755
		</subfield>
	</datafield>
	<datafield ind1=" " ind2="7" tag="648">
		<subfield code="a">
			640 - 1882
		</subfield>
		<subfield code="2">
			fast
		</subfield>
	</datafield>
	<datafield ind1=" " ind2="7" tag="655">
		<subfield code="a">
			History.
		</subfield>
		<subfield code="2">
			fast
		</subfield>
		<subfield code="0">
			(OCoLC)fst01411628
		</subfield>
	</datafield>
	<datafield ind1="2" ind2=" " tag="710">
		<subfield code="a">
			Columbia University.
		</subfield>
		<subfield code="b">
			Libraries.
		</subfield>
	</datafield>
	<datafield ind1="0" ind2=" " tag="730">
		<subfield code="a">
			Arabic Collections Online.
		</subfield>
	</datafield>
	<datafield ind1="0" ind2="8" tag="776">
		<subfield code="i">
			Print version:
		</subfield>
		<subfield code="a">
			Ibn Taghrībirdī, Abū al-Maḥāsin Yūsuf, 1411-1470.
		</subfield>
		<subfield code="t">
			al-Nujūm al-zāhirah fī mulūk Miṣr wa-al-Qāhirah
		</subfield>
		<subfield code="w">
			(NNC)4912267
		</subfield>
		<subfield code="w">
			(OCoLC)57018377
		</subfield>
	</datafield>
	<datafield ind1="4" ind2="0" tag="856">
		<subfield code="u">
			http://hdl.handle.net/2333.1/qjq2bzw2
		</subfield>
	</datafield>
	<datafield ind1="1" ind2=" " tag="880">
		<subfield code="6">
			100-01/r
		</subfield>
		<subfield code="a">
			ابن تغريبردي، ابو المحاسن يوسف،
		</subfield>
		<subfield code="d">
			1411-1470.
		</subfield>
	</datafield>
	<datafield ind1="1" ind2="2" tag="880">
		<subfield code="6">
			245-02/r
		</subfield>
		<subfield code="a">
			النجوم الزاهرة في ملوك مصر والقاهرة /
		</subfield>
		<subfield code="c">
			تأليف جمال الدين ابي المحاسن يوسف بن تغريبردي الاتابكي.
		</subfield>
	</datafield>
	<datafield ind1=" " ind2=" " tag="880">
		<subfield code="6">
			260-03/r
		</subfield>
		<subfield code="a">
			القاهرة :
		</subfield>
		<subfield code="b">
			دار الكتب المصرية،
		</subfield>
		<subfield code="c">
			1929-1956.
		</subfield>
	</datafield>
	<datafield ind1=" " ind2=" " tag="959">
		<subfield code="a">
			NNU
		</subfield>
		<subfield code="b">
			WEB
		</subfield>
		<subfield code="c">
			GENI
		</subfield>
		<subfield code="t">
			0
		</subfield>
		<subfield code="m">
			Electronic access
		</subfield>
		<subfield code="s">
			01
		</subfield>
	</datafield>
	<datafield ind1=" " ind2=" " tag="999">
		<subfield code="i">
			NNC_4912267
		</subfield>
		<subfield code="o">
			(OCoLC)ocm57018377
		</subfield>
		<subfield code="s">
			columbia_aco001435:v.1
		</subfield>
		<subfield code="s">
			columbia_aco001436:v.2
		</subfield>
		<subfield code="s">
			columbia_aco001437:v.3
		</subfield>
		<subfield code="s">
			columbia_aco001438:v.4
		</subfield>
		<subfield code="s">
			columbia_aco001439:v.5
		</subfield>
		<subfield code="s">
			columbia_aco001440:v.6
		</subfield>
		<subfield code="s">
			columbia_aco001441:v.7
		</subfield>
		<subfield code="s">
			columbia_aco001442:v.8
		</subfield>
		<subfield code="s">
			columbia_aco001443:v.9
		</subfield>
		<subfield code="e">
			(ERROR-880)
		</subfield>
		<subfield code="s">
			columbia_aco001435:v.1
		</subfield>
		<subfield code="s">
			columbia_aco001436:v.2
		</subfield>
		<subfield code="s">
			columbia_aco001437:v.3
		</subfield>
		<subfield code="s">
			columbia_aco001438:v.4
		</subfield>
		<subfield code="s">
			columbia_aco001439:v.5
		</subfield>
		<subfield code="s">
			columbia_aco001440:v.6
		</subfield>
		<subfield code="s">
			columbia_aco001441:v.7
		</subfield>
		<subfield code="s">
			columbia_aco001442:v.8
		</subfield>
		<subfield code="s">
			columbia_aco001443:v.9
		</subfield>
	</datafield>
</record>
